<?xml version="1.0" encoding="UTF-8"?><collection xmlns="http://www.loc.gov/MARC21/slim"><record><leader>00550nam--2200193-i-4500</leader><controlfield tag="001">000026268</controlfield><controlfield tag="002">20161230</controlfield><controlfield tag="005">20161230201036</controlfield><controlfield tag="008">060222s1000------------r-----000-0-eng-d</controlfield><datafield ind1=" " ind2=" " tag="020"><subfield code="a">0080168930</subfield></datafield><datafield ind1=" " ind2=" " tag="040"><subfield code="a">IFIN-HH</subfield></datafield><datafield ind1=" " ind2=" " tag="080"><subfield code="a">539.12:539.17</subfield></datafield><datafield ind1="1" ind2=" " tag="100"><subfield code="a">Pomraning, G.C</subfield></datafield><datafield ind1="1" ind2="0" tag="245"><subfield code="a">The equations of radiation hydrodynamics</subfield><subfield code="c">G.c. pomraning</subfield></datafield><datafield ind1=" " ind2=" " tag="260"><subfield code="a">Oxford</subfield><subfield code="b">Pergamon Press</subfield><subfield code="c">1973</subfield></datafield><datafield ind1=" " ind2=" " tag="300"><subfield code="a">288P</subfield></datafield><datafield ind1=" " ind2=" " tag="490"><subfield code="a">International Series Of Monographs In Natural Philosophy</subfield><subfield code="v">Vol. 54</subfield></datafield><datafield ind1=" " ind2=" " tag="852"><subfield code="a">41950</subfield><subfield code="c">539.17</subfield></datafield><datafield ind1=" " ind2=" " tag="CAT"><subfield code="a">Sys</subfield><subfield code="c">20120613</subfield><subfield code="h">101158</subfield></datafield></record></collection>